%YAML 1.1
%TAG !u! tag:unity3d.com,2011:
--- !u!1 &6907585776824372041
GameObject:
  m_ObjectHideFlags: 0
  m_CorrespondingSourceObject: {fileID: 0}
  m_PrefabInstance: {fileID: 0}
  m_PrefabAsset: {fileID: 0}
  serializedVersion: 6
  m_Component:
  - component: {fileID: 4284068729439870704}
  - component: {fileID: 7806759240429372771}
  m_Layer: 0
  m_Name: Level_5
  m_TagString: Untagged
  m_Icon: {fileID: 0}
  m_NavMeshLayer: 0
  m_StaticEditorFlags: 0
  m_IsActive: 1
--- !u!4 &4284068729439870704
Transform:
  m_ObjectHideFlags: 0
  m_CorrespondingSourceObject: {fileID: 0}
  m_PrefabInstance: {fileID: 0}
  m_PrefabAsset: {fileID: 0}
  m_GameObject: {fileID: 6907585776824372041}
  m_LocalRotation: {x: 0, y: 0, z: 0, w: 1}
  m_LocalPosition: {x: 0, y: 0, z: 0}
  m_LocalScale: {x: 1, y: 1, z: 1}
  m_Children:
  - {fileID: 2942452527909285283}
  - {fileID: 2163823926705154417}
  - {fileID: 1710552904545970319}
  - {fileID: 7795341156702758680}
  - {fileID: 5984096990684979132}
  - {fileID: 1679513728143556210}
  - {fileID: 5792269923226089634}
  - {fileID: 493778317692350666}
  - {fileID: 2511899874896576872}
  - {fileID: 2001571408111227688}
  - {fileID: 244289862754622743}
  - {fileID: 6832156227520299407}
  - {fileID: 1907163806290395192}
  - {fileID: 1107500319410119874}
  - {fileID: 6286571002259198795}
  - {fileID: 571624743268483040}
  - {fileID: 5577491763635030123}
  - {fileID: 4572130896044271154}
  m_Father: {fileID: 0}
  m_RootOrder: 0
  m_LocalEulerAnglesHint: {x: 0, y: 0, z: 0}
--- !u!114 &7806759240429372771
MonoBehaviour:
  m_ObjectHideFlags: 0
  m_CorrespondingSourceObject: {fileID: 0}
  m_PrefabInstance: {fileID: 0}
  m_PrefabAsset: {fileID: 0}
  m_GameObject: {fileID: 6907585776824372041}
  m_Enabled: 1
  m_EditorHideFlags: 0
  m_Script: {fileID: 11500000, guid: 6ae38a2f6d4216240a2dab378a1b7d96, type: 3}
  m_Name: 
  m_EditorClassIdentifier: 
--- !u!1001 &33219147216673559
PrefabInstance:
  m_ObjectHideFlags: 0
  serializedVersion: 2
  m_Modification:
    m_TransformParent: {fileID: 4284068729439870704}
    m_Modifications:
    - target: {fileID: 550726071505171907, guid: 5a3246772bce18346a6e830f591ad972, type: 3}
      propertyPath: m_Name
      value: Cube1 (14)
      objectReference: {fileID: 0}
    - target: {fileID: 5553289729550930812, guid: 5a3246772bce18346a6e830f591ad972, type: 3}
      propertyPath: m_LocalPosition.x
      value: 0.67185414
      objectReference: {fileID: 0}
    - target: {fileID: 5553289729550930812, guid: 5a3246772bce18346a6e830f591ad972, type: 3}
      propertyPath: m_LocalPosition.y
      value: 7
      objectReference: {fileID: 0}
    - target: {fileID: 5553289729550930812, guid: 5a3246772bce18346a6e830f591ad972, type: 3}
      propertyPath: m_LocalPosition.z
      value: 0.45583627
      objectReference: {fileID: 0}
    - target: {fileID: 5553289729550930812, guid: 5a3246772bce18346a6e830f591ad972, type: 3}
      propertyPath: m_LocalRotation.x
      value: 0
      objectReference: {fileID: 0}
    - target: {fileID: 5553289729550930812, guid: 5a3246772bce18346a6e830f591ad972, type: 3}
      propertyPath: m_LocalRotation.y
      value: 0
      objectReference: {fileID: 0}
    - target: {fileID: 5553289729550930812, guid: 5a3246772bce18346a6e830f591ad972, type: 3}
      propertyPath: m_LocalRotation.z
      value: 0
      objectReference: {fileID: 0}
    - target: {fileID: 5553289729550930812, guid: 5a3246772bce18346a6e830f591ad972, type: 3}
      propertyPath: m_LocalRotation.w
      value: 1
      objectReference: {fileID: 0}
    - target: {fileID: 5553289729550930812, guid: 5a3246772bce18346a6e830f591ad972, type: 3}
      propertyPath: m_RootOrder
      value: 16
      objectReference: {fileID: 0}
    - target: {fileID: 5553289729550930812, guid: 5a3246772bce18346a6e830f591ad972, type: 3}
      propertyPath: m_LocalEulerAnglesHint.x
      value: 0
      objectReference: {fileID: 0}
    - target: {fileID: 5553289729550930812, guid: 5a3246772bce18346a6e830f591ad972, type: 3}
      propertyPath: m_LocalEulerAnglesHint.y
      value: 0
      objectReference: {fileID: 0}
    - target: {fileID: 5553289729550930812, guid: 5a3246772bce18346a6e830f591ad972, type: 3}
      propertyPath: m_LocalEulerAnglesHint.z
      value: 0
      objectReference: {fileID: 0}
    m_RemovedComponents: []
  m_SourcePrefab: {fileID: 100100000, guid: 5a3246772bce18346a6e830f591ad972, type: 3}
--- !u!4 &5577491763635030123 stripped
Transform:
  m_CorrespondingSourceObject: {fileID: 5553289729550930812, guid: 5a3246772bce18346a6e830f591ad972, type: 3}
  m_PrefabInstance: {fileID: 33219147216673559}
  m_PrefabAsset: {fileID: 0}
--- !u!1001 &1423575594144584435
PrefabInstance:
  m_ObjectHideFlags: 0
  serializedVersion: 2
  m_Modification:
    m_TransformParent: {fileID: 4284068729439870704}
    m_Modifications:
    - target: {fileID: 550726071505171907, guid: 5a3246772bce18346a6e830f591ad972, type: 3}
      propertyPath: m_Name
      value: Cube1 (9)
      objectReference: {fileID: 0}
    - target: {fileID: 5553289729550930812, guid: 5a3246772bce18346a6e830f591ad972, type: 3}
      propertyPath: m_LocalPosition.x
      value: -1.5781462
      objectReference: {fileID: 0}
    - target: {fileID: 5553289729550930812, guid: 5a3246772bce18346a6e830f591ad972, type: 3}
      propertyPath: m_LocalPosition.y
      value: 4
      objectReference: {fileID: 0}
    - target: {fileID: 5553289729550930812, guid: 5a3246772bce18346a6e830f591ad972, type: 3}
      propertyPath: m_LocalPosition.z
      value: 0.4558365
      objectReference: {fileID: 0}
    - target: {fileID: 5553289729550930812, guid: 5a3246772bce18346a6e830f591ad972, type: 3}
      propertyPath: m_LocalRotation.x
      value: 0
      objectReference: {fileID: 0}
    - target: {fileID: 5553289729550930812, guid: 5a3246772bce18346a6e830f591ad972, type: 3}
      propertyPath: m_LocalRotation.y
      value: 0
      objectReference: {fileID: 0}
    - target: {fileID: 5553289729550930812, guid: 5a3246772bce18346a6e830f591ad972, type: 3}
      propertyPath: m_LocalRotation.z
      value: 0
      objectReference: {fileID: 0}
    - target: {fileID: 5553289729550930812, guid: 5a3246772bce18346a6e830f591ad972, type: 3}
      propertyPath: m_LocalRotation.w
      value: 1
      objectReference: {fileID: 0}
    - target: {fileID: 5553289729550930812, guid: 5a3246772bce18346a6e830f591ad972, type: 3}
      propertyPath: m_RootOrder
      value: 11
      objectReference: {fileID: 0}
    - target: {fileID: 5553289729550930812, guid: 5a3246772bce18346a6e830f591ad972, type: 3}
      propertyPath: m_LocalEulerAnglesHint.x
      value: 0
      objectReference: {fileID: 0}
    - target: {fileID: 5553289729550930812, guid: 5a3246772bce18346a6e830f591ad972, type: 3}
      propertyPath: m_LocalEulerAnglesHint.y
      value: 0
      objectReference: {fileID: 0}
    - target: {fileID: 5553289729550930812, guid: 5a3246772bce18346a6e830f591ad972, type: 3}
      propertyPath: m_LocalEulerAnglesHint.z
      value: 0
      objectReference: {fileID: 0}
    m_RemovedComponents: []
  m_SourcePrefab: {fileID: 100100000, guid: 5a3246772bce18346a6e830f591ad972, type: 3}
--- !u!4 &6832156227520299407 stripped
Transform:
  m_CorrespondingSourceObject: {fileID: 5553289729550930812, guid: 5a3246772bce18346a6e830f591ad972, type: 3}
  m_PrefabInstance: {fileID: 1423575594144584435}
  m_PrefabAsset: {fileID: 0}
--- !u!1001 &1886828555126112311
PrefabInstance:
  m_ObjectHideFlags: 0
  serializedVersion: 2
  m_Modification:
    m_TransformParent: {fileID: 4284068729439870704}
    m_Modifications:
    - target: {fileID: 550726071505171907, guid: 5a3246772bce18346a6e830f591ad972, type: 3}
      propertyPath: m_Name
      value: Cube1 (12)
      objectReference: {fileID: 0}
    - target: {fileID: 5553289729550930812, guid: 5a3246772bce18346a6e830f591ad972, type: 3}
      propertyPath: m_LocalPosition.x
      value: 1.4218543
      objectReference: {fileID: 0}
    - target: {fileID: 5553289729550930812, guid: 5a3246772bce18346a6e830f591ad972, type: 3}
      propertyPath: m_LocalPosition.y
      value: 6
      objectReference: {fileID: 0}
    - target: {fileID: 5553289729550930812, guid: 5a3246772bce18346a6e830f591ad972, type: 3}
      propertyPath: m_LocalPosition.z
      value: 0.45583615
      objectReference: {fileID: 0}
    - target: {fileID: 5553289729550930812, guid: 5a3246772bce18346a6e830f591ad972, type: 3}
      propertyPath: m_LocalRotation.x
      value: 0
      objectReference: {fileID: 0}
    - target: {fileID: 5553289729550930812, guid: 5a3246772bce18346a6e830f591ad972, type: 3}
      propertyPath: m_LocalRotation.y
      value: 0
      objectReference: {fileID: 0}
    - target: {fileID: 5553289729550930812, guid: 5a3246772bce18346a6e830f591ad972, type: 3}
      propertyPath: m_LocalRotation.z
      value: 0
      objectReference: {fileID: 0}
    - target: {fileID: 5553289729550930812, guid: 5a3246772bce18346a6e830f591ad972, type: 3}
      propertyPath: m_LocalRotation.w
      value: 1
      objectReference: {fileID: 0}
    - target: {fileID: 5553289729550930812, guid: 5a3246772bce18346a6e830f591ad972, type: 3}
      propertyPath: m_RootOrder
      value: 14
      objectReference: {fileID: 0}
    - target: {fileID: 5553289729550930812, guid: 5a3246772bce18346a6e830f591ad972, type: 3}
      propertyPath: m_LocalEulerAnglesHint.x
      value: 0
      objectReference: {fileID: 0}
    - target: {fileID: 5553289729550930812, guid: 5a3246772bce18346a6e830f591ad972, type: 3}
      propertyPath: m_LocalEulerAnglesHint.y
      value: 0
      objectReference: {fileID: 0}
    - target: {fileID: 5553289729550930812, guid: 5a3246772bce18346a6e830f591ad972, type: 3}
      propertyPath: m_LocalEulerAnglesHint.z
      value: 0
      objectReference: {fileID: 0}
    m_RemovedComponents: []
  m_SourcePrefab: {fileID: 100100000, guid: 5a3246772bce18346a6e830f591ad972, type: 3}
--- !u!4 &6286571002259198795 stripped
Transform:
  m_CorrespondingSourceObject: {fileID: 5553289729550930812, guid: 5a3246772bce18346a6e830f591ad972, type: 3}
  m_PrefabInstance: {fileID: 1886828555126112311}
  m_PrefabAsset: {fileID: 0}
--- !u!1001 &2122173269655464926
PrefabInstance:
  m_ObjectHideFlags: 0
  serializedVersion: 2
  m_Modification:
    m_TransformParent: {fileID: 4284068729439870704}
    m_Modifications:
    - target: {fileID: 550726071505171907, guid: 5a3246772bce18346a6e830f591ad972, type: 3}
      propertyPath: m_Name
      value: Cube1 (4)
      objectReference: {fileID: 0}
    - target: {fileID: 5553289729550930812, guid: 5a3246772bce18346a6e830f591ad972, type: 3}
      propertyPath: m_LocalPosition.x
      value: 2.1718543
      objectReference: {fileID: 0}
    - target: {fileID: 5553289729550930812, guid: 5a3246772bce18346a6e830f591ad972, type: 3}
      propertyPath: m_LocalPosition.y
      value: 0
      objectReference: {fileID: 0}
    - target: {fileID: 5553289729550930812, guid: 5a3246772bce18346a6e830f591ad972, type: 3}
      propertyPath: m_LocalPosition.z
      value: 0.45583603
      objectReference: {fileID: 0}
    - target: {fileID: 5553289729550930812, guid: 5a3246772bce18346a6e830f591ad972, type: 3}
      propertyPath: m_LocalRotation.x
      value: 0
      objectReference: {fileID: 0}
    - target: {fileID: 5553289729550930812, guid: 5a3246772bce18346a6e830f591ad972, type: 3}
      propertyPath: m_LocalRotation.y
      value: 0
      objectReference: {fileID: 0}
    - target: {fileID: 5553289729550930812, guid: 5a3246772bce18346a6e830f591ad972, type: 3}
      propertyPath: m_LocalRotation.z
      value: 0
      objectReference: {fileID: 0}
    - target: {fileID: 5553289729550930812, guid: 5a3246772bce18346a6e830f591ad972, type: 3}
      propertyPath: m_LocalRotation.w
      value: 1
      objectReference: {fileID: 0}
    - target: {fileID: 5553289729550930812, guid: 5a3246772bce18346a6e830f591ad972, type: 3}
      propertyPath: m_RootOrder
      value: 6
      objectReference: {fileID: 0}
    - target: {fileID: 5553289729550930812, guid: 5a3246772bce18346a6e830f591ad972, type: 3}
      propertyPath: m_LocalEulerAnglesHint.x
      value: 0
      objectReference: {fileID: 0}
    - target: {fileID: 5553289729550930812, guid: 5a3246772bce18346a6e830f591ad972, type: 3}
      propertyPath: m_LocalEulerAnglesHint.y
      value: 0
      objectReference: {fileID: 0}
    - target: {fileID: 5553289729550930812, guid: 5a3246772bce18346a6e830f591ad972, type: 3}
      propertyPath: m_LocalEulerAnglesHint.z
      value: 0
      objectReference: {fileID: 0}
    m_RemovedComponents: []
  m_SourcePrefab: {fileID: 100100000, guid: 5a3246772bce18346a6e830f591ad972, type: 3}
--- !u!4 &5792269923226089634 stripped
Transform:
  m_CorrespondingSourceObject: {fileID: 5553289729550930812, guid: 5a3246772bce18346a6e830f591ad972, type: 3}
  m_PrefabInstance: {fileID: 2122173269655464926}
  m_PrefabAsset: {fileID: 0}
--- !u!1001 &2169317836474174656
PrefabInstance:
  m_ObjectHideFlags: 0
  serializedVersion: 2
  m_Modification:
    m_TransformParent: {fileID: 4284068729439870704}
    m_Modifications:
    - target: {fileID: 550726071505171907, guid: 5a3246772bce18346a6e830f591ad972, type: 3}
      propertyPath: m_Name
      value: Cube1 (2)
      objectReference: {fileID: 0}
    - target: {fileID: 5553289729550930812, guid: 5a3246772bce18346a6e830f591ad972, type: 3}
      propertyPath: m_LocalPosition.x
      value: -1.8281462
      objectReference: {fileID: 0}
    - target: {fileID: 5553289729550930812, guid: 5a3246772bce18346a6e830f591ad972, type: 3}
      propertyPath: m_LocalPosition.y
      value: 2
      objectReference: {fileID: 0}
    - target: {fileID: 5553289729550930812, guid: 5a3246772bce18346a6e830f591ad972, type: 3}
      propertyPath: m_LocalPosition.z
      value: 0.4558365
      objectReference: {fileID: 0}
    - target: {fileID: 5553289729550930812, guid: 5a3246772bce18346a6e830f591ad972, type: 3}
      propertyPath: m_LocalRotation.x
      value: 0
      objectReference: {fileID: 0}
    - target: {fileID: 5553289729550930812, guid: 5a3246772bce18346a6e830f591ad972, type: 3}
      propertyPath: m_LocalRotation.y
      value: 0
      objectReference: {fileID: 0}
    - target: {fileID: 5553289729550930812, guid: 5a3246772bce18346a6e830f591ad972, type: 3}
      propertyPath: m_LocalRotation.z
      value: 0
      objectReference: {fileID: 0}
    - target: {fileID: 5553289729550930812, guid: 5a3246772bce18346a6e830f591ad972, type: 3}
      propertyPath: m_LocalRotation.w
      value: 1
      objectReference: {fileID: 0}
    - target: {fileID: 5553289729550930812, guid: 5a3246772bce18346a6e830f591ad972, type: 3}
      propertyPath: m_RootOrder
      value: 4
      objectReference: {fileID: 0}
    - target: {fileID: 5553289729550930812, guid: 5a3246772bce18346a6e830f591ad972, type: 3}
      propertyPath: m_LocalEulerAnglesHint.x
      value: 0
      objectReference: {fileID: 0}
    - target: {fileID: 5553289729550930812, guid: 5a3246772bce18346a6e830f591ad972, type: 3}
      propertyPath: m_LocalEulerAnglesHint.y
      value: 0
      objectReference: {fileID: 0}
    - target: {fileID: 5553289729550930812, guid: 5a3246772bce18346a6e830f591ad972, type: 3}
      propertyPath: m_LocalEulerAnglesHint.z
      value: 0
      objectReference: {fileID: 0}
    m_RemovedComponents: []
  m_SourcePrefab: {fileID: 100100000, guid: 5a3246772bce18346a6e830f591ad972, type: 3}
--- !u!4 &5984096990684979132 stripped
Transform:
  m_CorrespondingSourceObject: {fileID: 5553289729550930812, guid: 5a3246772bce18346a6e830f591ad972, type: 3}
  m_PrefabInstance: {fileID: 2169317836474174656}
  m_PrefabAsset: {fileID: 0}
--- !u!1001 &2395812666195407972
PrefabInstance:
  m_ObjectHideFlags: 0
  serializedVersion: 2
  m_Modification:
    m_TransformParent: {fileID: 4284068729439870704}
    m_Modifications:
    - target: {fileID: 550726071505171907, guid: 5a3246772bce18346a6e830f591ad972, type: 3}
      propertyPath: m_Name
      value: Cube1 (1)
      objectReference: {fileID: 0}
    - target: {fileID: 5553289729550930812, guid: 5a3246772bce18346a6e830f591ad972, type: 3}
      propertyPath: m_LocalPosition.x
      value: -1.8281462
      objectReference: {fileID: 0}
    - target: {fileID: 5553289729550930812, guid: 5a3246772bce18346a6e830f591ad972, type: 3}
      propertyPath: m_LocalPosition.y
      value: 1
      objectReference: {fileID: 0}
    - target: {fileID: 5553289729550930812, guid: 5a3246772bce18346a6e830f591ad972, type: 3}
      propertyPath: m_LocalPosition.z
      value: 0.4558365
      objectReference: {fileID: 0}
    - target: {fileID: 5553289729550930812, guid: 5a3246772bce18346a6e830f591ad972, type: 3}
      propertyPath: m_LocalRotation.x
      value: 0
      objectReference: {fileID: 0}
    - target: {fileID: 5553289729550930812, guid: 5a3246772bce18346a6e830f591ad972, type: 3}
      propertyPath: m_LocalRotation.y
      value: 0
      objectReference: {fileID: 0}
    - target: {fileID: 5553289729550930812, guid: 5a3246772bce18346a6e830f591ad972, type: 3}
      propertyPath: m_LocalRotation.z
      value: 0
      objectReference: {fileID: 0}
    - target: {fileID: 5553289729550930812, guid: 5a3246772bce18346a6e830f591ad972, type: 3}
      propertyPath: m_LocalRotation.w
      value: 1
      objectReference: {fileID: 0}
    - target: {fileID: 5553289729550930812, guid: 5a3246772bce18346a6e830f591ad972, type: 3}
      propertyPath: m_RootOrder
      value: 3
      objectReference: {fileID: 0}
    - target: {fileID: 5553289729550930812, guid: 5a3246772bce18346a6e830f591ad972, type: 3}
      propertyPath: m_LocalEulerAnglesHint.x
      value: 0
      objectReference: {fileID: 0}
    - target: {fileID: 5553289729550930812, guid: 5a3246772bce18346a6e830f591ad972, type: 3}
      propertyPath: m_LocalEulerAnglesHint.y
      value: 0
      objectReference: {fileID: 0}
    - target: {fileID: 5553289729550930812, guid: 5a3246772bce18346a6e830f591ad972, type: 3}
      propertyPath: m_LocalEulerAnglesHint.z
      value: 0
      objectReference: {fileID: 0}
    m_RemovedComponents: []
  m_SourcePrefab: {fileID: 100100000, guid: 5a3246772bce18346a6e830f591ad972, type: 3}
--- !u!4 &7795341156702758680 stripped
Transform:
  m_CorrespondingSourceObject: {fileID: 5553289729550930812, guid: 5a3246772bce18346a6e830f591ad972, type: 3}
  m_PrefabInstance: {fileID: 2395812666195407972}
  m_PrefabAsset: {fileID: 0}
--- !u!1001 &4778211702005512126
PrefabInstance:
  m_ObjectHideFlags: 0
  serializedVersion: 2
  m_Modification:
    m_TransformParent: {fileID: 4284068729439870704}
    m_Modifications:
    - target: {fileID: 550726071505171907, guid: 5a3246772bce18346a6e830f591ad972, type: 3}
      propertyPath: m_Name
      value: Cube1 (11)
      objectReference: {fileID: 0}
    - target: {fileID: 5553289729550930812, guid: 5a3246772bce18346a6e830f591ad972, type: 3}
      propertyPath: m_LocalPosition.x
      value: 1.6718543
      objectReference: {fileID: 0}
    - target: {fileID: 5553289729550930812, guid: 5a3246772bce18346a6e830f591ad972, type: 3}
      propertyPath: m_LocalPosition.y
      value: 5
      objectReference: {fileID: 0}
    - target: {fileID: 5553289729550930812, guid: 5a3246772bce18346a6e830f591ad972, type: 3}
      propertyPath: m_LocalPosition.z
      value: 0.45583615
      objectReference: {fileID: 0}
    - target: {fileID: 5553289729550930812, guid: 5a3246772bce18346a6e830f591ad972, type: 3}
      propertyPath: m_LocalRotation.x
      value: 0
      objectReference: {fileID: 0}
    - target: {fileID: 5553289729550930812, guid: 5a3246772bce18346a6e830f591ad972, type: 3}
      propertyPath: m_LocalRotation.y
      value: 0
      objectReference: {fileID: 0}
    - target: {fileID: 5553289729550930812, guid: 5a3246772bce18346a6e830f591ad972, type: 3}
      propertyPath: m_LocalRotation.z
      value: 0
      objectReference: {fileID: 0}
    - target: {fileID: 5553289729550930812, guid: 5a3246772bce18346a6e830f591ad972, type: 3}
      propertyPath: m_LocalRotation.w
      value: 1
      objectReference: {fileID: 0}
    - target: {fileID: 5553289729550930812, guid: 5a3246772bce18346a6e830f591ad972, type: 3}
      propertyPath: m_RootOrder
      value: 13
      objectReference: {fileID: 0}
    - target: {fileID: 5553289729550930812, guid: 5a3246772bce18346a6e830f591ad972, type: 3}
      propertyPath: m_LocalEulerAnglesHint.x
      value: 0
      objectReference: {fileID: 0}
    - target: {fileID: 5553289729550930812, guid: 5a3246772bce18346a6e830f591ad972, type: 3}
      propertyPath: m_LocalEulerAnglesHint.y
      value: 0
      objectReference: {fileID: 0}
    - target: {fileID: 5553289729550930812, guid: 5a3246772bce18346a6e830f591ad972, type: 3}
      propertyPath: m_LocalEulerAnglesHint.z
      value: 0
      objectReference: {fileID: 0}
    m_RemovedComponents: []
  m_SourcePrefab: {fileID: 100100000, guid: 5a3246772bce18346a6e830f591ad972, type: 3}
--- !u!4 &1107500319410119874 stripped
Transform:
  m_CorrespondingSourceObject: {fileID: 5553289729550930812, guid: 5a3246772bce18346a6e830f591ad972, type: 3}
  m_PrefabInstance: {fileID: 4778211702005512126}
  m_PrefabAsset: {fileID: 0}
--- !u!1001 &5404300014096886940
PrefabInstance:
  m_ObjectHideFlags: 0
  serializedVersion: 2
  m_Modification:
    m_TransformParent: {fileID: 4284068729439870704}
    m_Modifications:
    - target: {fileID: 550726071505171907, guid: 5a3246772bce18346a6e830f591ad972, type: 3}
      propertyPath: m_Name
      value: Cube1 (13)
      objectReference: {fileID: 0}
    - target: {fileID: 5553289729550930812, guid: 5a3246772bce18346a6e830f591ad972, type: 3}
      propertyPath: m_LocalPosition.x
      value: -1.078146
      objectReference: {fileID: 0}
    - target: {fileID: 5553289729550930812, guid: 5a3246772bce18346a6e830f591ad972, type: 3}
      propertyPath: m_LocalPosition.y
      value: 6
      objectReference: {fileID: 0}
    - target: {fileID: 5553289729550930812, guid: 5a3246772bce18346a6e830f591ad972, type: 3}
      propertyPath: m_LocalPosition.z
      value: 0.45583645
      objectReference: {fileID: 0}
    - target: {fileID: 5553289729550930812, guid: 5a3246772bce18346a6e830f591ad972, type: 3}
      propertyPath: m_LocalRotation.x
      value: 0
      objectReference: {fileID: 0}
    - target: {fileID: 5553289729550930812, guid: 5a3246772bce18346a6e830f591ad972, type: 3}
      propertyPath: m_LocalRotation.y
      value: 0
      objectReference: {fileID: 0}
    - target: {fileID: 5553289729550930812, guid: 5a3246772bce18346a6e830f591ad972, type: 3}
      propertyPath: m_LocalRotation.z
      value: 0
      objectReference: {fileID: 0}
    - target: {fileID: 5553289729550930812, guid: 5a3246772bce18346a6e830f591ad972, type: 3}
      propertyPath: m_LocalRotation.w
      value: 1
      objectReference: {fileID: 0}
    - target: {fileID: 5553289729550930812, guid: 5a3246772bce18346a6e830f591ad972, type: 3}
      propertyPath: m_RootOrder
      value: 15
      objectReference: {fileID: 0}
    - target: {fileID: 5553289729550930812, guid: 5a3246772bce18346a6e830f591ad972, type: 3}
      propertyPath: m_LocalEulerAnglesHint.x
      value: 0
      objectReference: {fileID: 0}
    - target: {fileID: 5553289729550930812, guid: 5a3246772bce18346a6e830f591ad972, type: 3}
      propertyPath: m_LocalEulerAnglesHint.y
      value: 0
      objectReference: {fileID: 0}
    - target: {fileID: 5553289729550930812, guid: 5a3246772bce18346a6e830f591ad972, type: 3}
      propertyPath: m_LocalEulerAnglesHint.z
      value: 0
      objectReference: {fileID: 0}
    m_RemovedComponents: []
  m_SourcePrefab: {fileID: 100100000, guid: 5a3246772bce18346a6e830f591ad972, type: 3}
--- !u!4 &571624743268483040 stripped
Transform:
  m_CorrespondingSourceObject: {fileID: 5553289729550930812, guid: 5a3246772bce18346a6e830f591ad972, type: 3}
  m_PrefabInstance: {fileID: 5404300014096886940}
  m_PrefabAsset: {fileID: 0}
--- !u!1001 &5461598978974081974
PrefabInstance:
  m_ObjectHideFlags: 0
  serializedVersion: 2
  m_Modification:
    m_TransformParent: {fileID: 4284068729439870704}
    m_Modifications:
    - target: {fileID: 550726071505171907, guid: 5a3246772bce18346a6e830f591ad972, type: 3}
      propertyPath: m_Name
      value: Cube1 (5)
      objectReference: {fileID: 0}
    - target: {fileID: 5553289729550930812, guid: 5a3246772bce18346a6e830f591ad972, type: 3}
      propertyPath: m_LocalPosition.x
      value: 2.1718543
      objectReference: {fileID: 0}
    - target: {fileID: 5553289729550930812, guid: 5a3246772bce18346a6e830f591ad972, type: 3}
      propertyPath: m_LocalPosition.y
      value: 1
      objectReference: {fileID: 0}
    - target: {fileID: 5553289729550930812, guid: 5a3246772bce18346a6e830f591ad972, type: 3}
      propertyPath: m_LocalPosition.z
      value: 0.45583603
      objectReference: {fileID: 0}
    - target: {fileID: 5553289729550930812, guid: 5a3246772bce18346a6e830f591ad972, type: 3}
      propertyPath: m_LocalRotation.x
      value: 0
      objectReference: {fileID: 0}
    - target: {fileID: 5553289729550930812, guid: 5a3246772bce18346a6e830f591ad972, type: 3}
      propertyPath: m_LocalRotation.y
      value: 0
      objectReference: {fileID: 0}
    - target: {fileID: 5553289729550930812, guid: 5a3246772bce18346a6e830f591ad972, type: 3}
      propertyPath: m_LocalRotation.z
      value: 0
      objectReference: {fileID: 0}
    - target: {fileID: 5553289729550930812, guid: 5a3246772bce18346a6e830f591ad972, type: 3}
      propertyPath: m_LocalRotation.w
      value: 1
      objectReference: {fileID: 0}
    - target: {fileID: 5553289729550930812, guid: 5a3246772bce18346a6e830f591ad972, type: 3}
      propertyPath: m_RootOrder
      value: 7
      objectReference: {fileID: 0}
    - target: {fileID: 5553289729550930812, guid: 5a3246772bce18346a6e830f591ad972, type: 3}
      propertyPath: m_LocalEulerAnglesHint.x
      value: 0
      objectReference: {fileID: 0}
    - target: {fileID: 5553289729550930812, guid: 5a3246772bce18346a6e830f591ad972, type: 3}
      propertyPath: m_LocalEulerAnglesHint.y
      value: 0
      objectReference: {fileID: 0}
    - target: {fileID: 5553289729550930812, guid: 5a3246772bce18346a6e830f591ad972, type: 3}
      propertyPath: m_LocalEulerAnglesHint.z
      value: 0
      objectReference: {fileID: 0}
    m_RemovedComponents: []
  m_SourcePrefab: {fileID: 100100000, guid: 5a3246772bce18346a6e830f591ad972, type: 3}
--- !u!4 &493778317692350666 stripped
Transform:
  m_CorrespondingSourceObject: {fileID: 5553289729550930812, guid: 5a3246772bce18346a6e830f591ad972, type: 3}
  m_PrefabInstance: {fileID: 5461598978974081974}
  m_PrefabAsset: {fileID: 0}
--- !u!1001 &5652822116542877291
PrefabInstance:
  m_ObjectHideFlags: 0
  serializedVersion: 2
  m_Modification:
    m_TransformParent: {fileID: 4284068729439870704}
    m_Modifications:
    - target: {fileID: 550726071505171907, guid: 5a3246772bce18346a6e830f591ad972, type: 3}
      propertyPath: m_Name
      value: Cube1 (8)
      objectReference: {fileID: 0}
    - target: {fileID: 5553289729550930812, guid: 5a3246772bce18346a6e830f591ad972, type: 3}
      propertyPath: m_LocalPosition.x
      value: 1.9218543
      objectReference: {fileID: 0}
    - target: {fileID: 5553289729550930812, guid: 5a3246772bce18346a6e830f591ad972, type: 3}
      propertyPath: m_LocalPosition.y
      value: 4
      objectReference: {fileID: 0}
    - target: {fileID: 5553289729550930812, guid: 5a3246772bce18346a6e830f591ad972, type: 3}
      propertyPath: m_LocalPosition.z
      value: 0.45583603
      objectReference: {fileID: 0}
    - target: {fileID: 5553289729550930812, guid: 5a3246772bce18346a6e830f591ad972, type: 3}
      propertyPath: m_LocalRotation.x
      value: 0
      objectReference: {fileID: 0}
    - target: {fileID: 5553289729550930812, guid: 5a3246772bce18346a6e830f591ad972, type: 3}
      propertyPath: m_LocalRotation.y
      value: 0
      objectReference: {fileID: 0}
    - target: {fileID: 5553289729550930812, guid: 5a3246772bce18346a6e830f591ad972, type: 3}
      propertyPath: m_LocalRotation.z
      value: 0
      objectReference: {fileID: 0}
    - target: {fileID: 5553289729550930812, guid: 5a3246772bce18346a6e830f591ad972, type: 3}
      propertyPath: m_LocalRotation.w
      value: 1
      objectReference: {fileID: 0}
    - target: {fileID: 5553289729550930812, guid: 5a3246772bce18346a6e830f591ad972, type: 3}
      propertyPath: m_RootOrder
      value: 10
      objectReference: {fileID: 0}
    - target: {fileID: 5553289729550930812, guid: 5a3246772bce18346a6e830f591ad972, type: 3}
      propertyPath: m_LocalEulerAnglesHint.x
      value: 0
      objectReference: {fileID: 0}
    - target: {fileID: 5553289729550930812, guid: 5a3246772bce18346a6e830f591ad972, type: 3}
      propertyPath: m_LocalEulerAnglesHint.y
      value: 0
      objectReference: {fileID: 0}
    - target: {fileID: 5553289729550930812, guid: 5a3246772bce18346a6e830f591ad972, type: 3}
      propertyPath: m_LocalEulerAnglesHint.z
      value: 0
      objectReference: {fileID: 0}
    m_RemovedComponents: []
  m_SourcePrefab: {fileID: 100100000, guid: 5a3246772bce18346a6e830f591ad972, type: 3}
--- !u!4 &244289862754622743 stripped
Transform:
  m_CorrespondingSourceObject: {fileID: 5553289729550930812, guid: 5a3246772bce18346a6e830f591ad972, type: 3}
  m_PrefabInstance: {fileID: 5652822116542877291}
  m_PrefabAsset: {fileID: 0}
--- !u!1001 &6257255808488767572
PrefabInstance:
  m_ObjectHideFlags: 0
  serializedVersion: 2
  m_Modification:
    m_TransformParent: {fileID: 4284068729439870704}
    m_Modifications:
    - target: {fileID: 550726071505171907, guid: 5a3246772bce18346a6e830f591ad972, type: 3}
      propertyPath: m_Name
      value: Cube1 (7)
      objectReference: {fileID: 0}
    - target: {fileID: 5553289729550930812, guid: 5a3246772bce18346a6e830f591ad972, type: 3}
      propertyPath: m_LocalPosition.x
      value: 2.1718543
      objectReference: {fileID: 0}
    - target: {fileID: 5553289729550930812, guid: 5a3246772bce18346a6e830f591ad972, type: 3}
      propertyPath: m_LocalPosition.y
      value: 3
      objectReference: {fileID: 0}
    - target: {fileID: 5553289729550930812, guid: 5a3246772bce18346a6e830f591ad972, type: 3}
      propertyPath: m_LocalPosition.z
      value: 0.45583603
      objectReference: {fileID: 0}
    - target: {fileID: 5553289729550930812, guid: 5a3246772bce18346a6e830f591ad972, type: 3}
      propertyPath: m_LocalRotation.x
      value: 0
      objectReference: {fileID: 0}
    - target: {fileID: 5553289729550930812, guid: 5a3246772bce18346a6e830f591ad972, type: 3}
      propertyPath: m_LocalRotation.y
      value: 0
      objectReference: {fileID: 0}
    - target: {fileID: 5553289729550930812, guid: 5a3246772bce18346a6e830f591ad972, type: 3}
      propertyPath: m_LocalRotation.z
      value: 0
      objectReference: {fileID: 0}
    - target: {fileID: 5553289729550930812, guid: 5a3246772bce18346a6e830f591ad972, type: 3}
      propertyPath: m_LocalRotation.w
      value: 1
      objectReference: {fileID: 0}
    - target: {fileID: 5553289729550930812, guid: 5a3246772bce18346a6e830f591ad972, type: 3}
      propertyPath: m_RootOrder
      value: 9
      objectReference: {fileID: 0}
    - target: {fileID: 5553289729550930812, guid: 5a3246772bce18346a6e830f591ad972, type: 3}
      propertyPath: m_LocalEulerAnglesHint.x
      value: 0
      objectReference: {fileID: 0}
    - target: {fileID: 5553289729550930812, guid: 5a3246772bce18346a6e830f591ad972, type: 3}
      propertyPath: m_LocalEulerAnglesHint.y
      value: 0
      objectReference: {fileID: 0}
    - target: {fileID: 5553289729550930812, guid: 5a3246772bce18346a6e830f591ad972, type: 3}
      propertyPath: m_LocalEulerAnglesHint.z
      value: 0
      objectReference: {fileID: 0}
    m_RemovedComponents: []
  m_SourcePrefab: {fileID: 100100000, guid: 5a3246772bce18346a6e830f591ad972, type: 3}
--- !u!4 &2001571408111227688 stripped
Transform:
  m_CorrespondingSourceObject: {fileID: 5553289729550930812, guid: 5a3246772bce18346a6e830f591ad972, type: 3}
  m_PrefabInstance: {fileID: 6257255808488767572}
  m_PrefabAsset: {fileID: 0}
--- !u!1001 &6297902508394058564
PrefabInstance:
  m_ObjectHideFlags: 0
  serializedVersion: 2
  m_Modification:
    m_TransformParent: {fileID: 4284068729439870704}
    m_Modifications:
    - target: {fileID: 550726071505171907, guid: 5a3246772bce18346a6e830f591ad972, type: 3}
      propertyPath: m_Name
      value: Cube1 (10)
      objectReference: {fileID: 0}
    - target: {fileID: 5553289729550930812, guid: 5a3246772bce18346a6e830f591ad972, type: 3}
      propertyPath: m_LocalPosition.x
      value: -1.3281462
      objectReference: {fileID: 0}
    - target: {fileID: 5553289729550930812, guid: 5a3246772bce18346a6e830f591ad972, type: 3}
      propertyPath: m_LocalPosition.y
      value: 5
      objectReference: {fileID: 0}
    - target: {fileID: 5553289729550930812, guid: 5a3246772bce18346a6e830f591ad972, type: 3}
      propertyPath: m_LocalPosition.z
      value: 0.4558365
      objectReference: {fileID: 0}
    - target: {fileID: 5553289729550930812, guid: 5a3246772bce18346a6e830f591ad972, type: 3}
      propertyPath: m_LocalRotation.x
      value: 0
      objectReference: {fileID: 0}
    - target: {fileID: 5553289729550930812, guid: 5a3246772bce18346a6e830f591ad972, type: 3}
      propertyPath: m_LocalRotation.y
      value: 0
      objectReference: {fileID: 0}
    - target: {fileID: 5553289729550930812, guid: 5a3246772bce18346a6e830f591ad972, type: 3}
      propertyPath: m_LocalRotation.z
      value: 0
      objectReference: {fileID: 0}
    - target: {fileID: 5553289729550930812, guid: 5a3246772bce18346a6e830f591ad972, type: 3}
      propertyPath: m_LocalRotation.w
      value: 1
      objectReference: {fileID: 0}
    - target: {fileID: 5553289729550930812, guid: 5a3246772bce18346a6e830f591ad972, type: 3}
      propertyPath: m_RootOrder
      value: 12
      objectReference: {fileID: 0}
    - target: {fileID: 5553289729550930812, guid: 5a3246772bce18346a6e830f591ad972, type: 3}
      propertyPath: m_LocalEulerAnglesHint.x
      value: 0
      objectReference: {fileID: 0}
    - target: {fileID: 5553289729550930812, guid: 5a3246772bce18346a6e830f591ad972, type: 3}
      propertyPath: m_LocalEulerAnglesHint.y
      value: 0
      objectReference: {fileID: 0}
    - target: {fileID: 5553289729550930812, guid: 5a3246772bce18346a6e830f591ad972, type: 3}
      propertyPath: m_LocalEulerAnglesHint.z
      value: 0
      objectReference: {fileID: 0}
    m_RemovedComponents: []
  m_SourcePrefab: {fileID: 100100000, guid: 5a3246772bce18346a6e830f591ad972, type: 3}
--- !u!4 &1907163806290395192 stripped
Transform:
  m_CorrespondingSourceObject: {fileID: 5553289729550930812, guid: 5a3246772bce18346a6e830f591ad972, type: 3}
  m_PrefabInstance: {fileID: 6297902508394058564}
  m_PrefabAsset: {fileID: 0}
--- !u!1001 &6298140973186122050
PrefabInstance:
  m_ObjectHideFlags: 0
  serializedVersion: 2
  m_Modification:
    m_TransformParent: {fileID: 4284068729439870704}
    m_Modifications:
    - target: {fileID: 1042748541187134379, guid: 8f8f80d023cf63243841afcb787d788f, type: 3}
      propertyPath: m_Name
      value: PostForLevel
      objectReference: {fileID: 0}
    - target: {fileID: 5287243267087788083, guid: 8f8f80d023cf63243841afcb787d788f, type: 3}
      propertyPath: m_LocalPosition.x
      value: 0
      objectReference: {fileID: 0}
    - target: {fileID: 5287243267087788083, guid: 8f8f80d023cf63243841afcb787d788f, type: 3}
      propertyPath: m_LocalPosition.y
      value: -11.5
      objectReference: {fileID: 0}
    - target: {fileID: 5287243267087788083, guid: 8f8f80d023cf63243841afcb787d788f, type: 3}
      propertyPath: m_LocalPosition.z
      value: 0
      objectReference: {fileID: 0}
    - target: {fileID: 5287243267087788083, guid: 8f8f80d023cf63243841afcb787d788f, type: 3}
      propertyPath: m_LocalRotation.x
      value: 0
      objectReference: {fileID: 0}
    - target: {fileID: 5287243267087788083, guid: 8f8f80d023cf63243841afcb787d788f, type: 3}
      propertyPath: m_LocalRotation.y
      value: 0
      objectReference: {fileID: 0}
    - target: {fileID: 5287243267087788083, guid: 8f8f80d023cf63243841afcb787d788f, type: 3}
      propertyPath: m_LocalRotation.z
      value: 0
      objectReference: {fileID: 0}
    - target: {fileID: 5287243267087788083, guid: 8f8f80d023cf63243841afcb787d788f, type: 3}
      propertyPath: m_LocalRotation.w
      value: 1
      objectReference: {fileID: 0}
    - target: {fileID: 5287243267087788083, guid: 8f8f80d023cf63243841afcb787d788f, type: 3}
      propertyPath: m_RootOrder
      value: 1
      objectReference: {fileID: 0}
    - target: {fileID: 5287243267087788083, guid: 8f8f80d023cf63243841afcb787d788f, type: 3}
      propertyPath: m_LocalEulerAnglesHint.x
      value: 0
      objectReference: {fileID: 0}
    - target: {fileID: 5287243267087788083, guid: 8f8f80d023cf63243841afcb787d788f, type: 3}
      propertyPath: m_LocalEulerAnglesHint.y
      value: 0
      objectReference: {fileID: 0}
    - target: {fileID: 5287243267087788083, guid: 8f8f80d023cf63243841afcb787d788f, type: 3}
      propertyPath: m_LocalEulerAnglesHint.z
      value: 0
      objectReference: {fileID: 0}
    m_RemovedComponents: []
  m_SourcePrefab: {fileID: 100100000, guid: 8f8f80d023cf63243841afcb787d788f, type: 3}
--- !u!4 &2163823926705154417 stripped
Transform:
  m_CorrespondingSourceObject: {fileID: 5287243267087788083, guid: 8f8f80d023cf63243841afcb787d788f, type: 3}
  m_PrefabInstance: {fileID: 6298140973186122050}
  m_PrefabAsset: {fileID: 0}
--- !u!1001 &6512182248355540238
PrefabInstance:
  m_ObjectHideFlags: 0
  serializedVersion: 2
  m_Modification:
    m_TransformParent: {fileID: 4284068729439870704}
    m_Modifications:
    - target: {fileID: 550726071505171907, guid: 5a3246772bce18346a6e830f591ad972, type: 3}
      propertyPath: m_Name
      value: Cube1 (3)
      objectReference: {fileID: 0}
    - target: {fileID: 5553289729550930812, guid: 5a3246772bce18346a6e830f591ad972, type: 3}
      propertyPath: m_LocalPosition.x
      value: -1.8281462
      objectReference: {fileID: 0}
    - target: {fileID: 5553289729550930812, guid: 5a3246772bce18346a6e830f591ad972, type: 3}
      propertyPath: m_LocalPosition.y
      value: 3
      objectReference: {fileID: 0}
    - target: {fileID: 5553289729550930812, guid: 5a3246772bce18346a6e830f591ad972, type: 3}
      propertyPath: m_LocalPosition.z
      value: 0.4558365
      objectReference: {fileID: 0}
    - target: {fileID: 5553289729550930812, guid: 5a3246772bce18346a6e830f591ad972, type: 3}
      propertyPath: m_LocalRotation.x
      value: 0
      objectReference: {fileID: 0}
    - target: {fileID: 5553289729550930812, guid: 5a3246772bce18346a6e830f591ad972, type: 3}
      propertyPath: m_LocalRotation.y
      value: 0
      objectReference: {fileID: 0}
    - target: {fileID: 5553289729550930812, guid: 5a3246772bce18346a6e830f591ad972, type: 3}
      propertyPath: m_LocalRotation.z
      value: 0
      objectReference: {fileID: 0}
    - target: {fileID: 5553289729550930812, guid: 5a3246772bce18346a6e830f591ad972, type: 3}
      propertyPath: m_LocalRotation.w
      value: 1
      objectReference: {fileID: 0}
    - target: {fileID: 5553289729550930812, guid: 5a3246772bce18346a6e830f591ad972, type: 3}
      propertyPath: m_RootOrder
      value: 5
      objectReference: {fileID: 0}
    - target: {fileID: 5553289729550930812, guid: 5a3246772bce18346a6e830f591ad972, type: 3}
      propertyPath: m_LocalEulerAnglesHint.x
      value: 0
      objectReference: {fileID: 0}
    - target: {fileID: 5553289729550930812, guid: 5a3246772bce18346a6e830f591ad972, type: 3}
      propertyPath: m_LocalEulerAnglesHint.y
      value: 0
      objectReference: {fileID: 0}
    - target: {fileID: 5553289729550930812, guid: 5a3246772bce18346a6e830f591ad972, type: 3}
      propertyPath: m_LocalEulerAnglesHint.z
      value: 0
      objectReference: {fileID: 0}
    m_RemovedComponents: []
  m_SourcePrefab: {fileID: 100100000, guid: 5a3246772bce18346a6e830f591ad972, type: 3}
--- !u!4 &1679513728143556210 stripped
Transform:
  m_CorrespondingSourceObject: {fileID: 5553289729550930812, guid: 5a3246772bce18346a6e830f591ad972, type: 3}
  m_PrefabInstance: {fileID: 6512182248355540238}
  m_PrefabAsset: {fileID: 0}
--- !u!1001 &6533638236010249203
PrefabInstance:
  m_ObjectHideFlags: 0
  serializedVersion: 2
  m_Modification:
    m_TransformParent: {fileID: 4284068729439870704}
    m_Modifications:
    - target: {fileID: 550726071505171907, guid: 5a3246772bce18346a6e830f591ad972, type: 3}
      propertyPath: m_Name
      value: Cube1
      objectReference: {fileID: 0}
    - target: {fileID: 5553289729550930812, guid: 5a3246772bce18346a6e830f591ad972, type: 3}
      propertyPath: m_LocalPosition.x
      value: -1.8281462
      objectReference: {fileID: 0}
    - target: {fileID: 5553289729550930812, guid: 5a3246772bce18346a6e830f591ad972, type: 3}
      propertyPath: m_LocalPosition.y
      value: 0
      objectReference: {fileID: 0}
    - target: {fileID: 5553289729550930812, guid: 5a3246772bce18346a6e830f591ad972, type: 3}
      propertyPath: m_LocalPosition.z
      value: 0.4558365
      objectReference: {fileID: 0}
    - target: {fileID: 5553289729550930812, guid: 5a3246772bce18346a6e830f591ad972, type: 3}
      propertyPath: m_LocalRotation.x
      value: 0
      objectReference: {fileID: 0}
    - target: {fileID: 5553289729550930812, guid: 5a3246772bce18346a6e830f591ad972, type: 3}
      propertyPath: m_LocalRotation.y
      value: 0
      objectReference: {fileID: 0}
    - target: {fileID: 5553289729550930812, guid: 5a3246772bce18346a6e830f591ad972, type: 3}
      propertyPath: m_LocalRotation.z
      value: 0
      objectReference: {fileID: 0}
    - target: {fileID: 5553289729550930812, guid: 5a3246772bce18346a6e830f591ad972, type: 3}
      propertyPath: m_LocalRotation.w
      value: 1
      objectReference: {fileID: 0}
    - target: {fileID: 5553289729550930812, guid: 5a3246772bce18346a6e830f591ad972, type: 3}
      propertyPath: m_RootOrder
      value: 2
      objectReference: {fileID: 0}
    - target: {fileID: 5553289729550930812, guid: 5a3246772bce18346a6e830f591ad972, type: 3}
      propertyPath: m_LocalEulerAnglesHint.x
      value: 0
      objectReference: {fileID: 0}
    - target: {fileID: 5553289729550930812, guid: 5a3246772bce18346a6e830f591ad972, type: 3}
      propertyPath: m_LocalEulerAnglesHint.y
      value: 0
      objectReference: {fileID: 0}
    - target: {fileID: 5553289729550930812, guid: 5a3246772bce18346a6e830f591ad972, type: 3}
      propertyPath: m_LocalEulerAnglesHint.z
      value: 0
      objectReference: {fileID: 0}
    m_RemovedComponents: []
  m_SourcePrefab: {fileID: 100100000, guid: 5a3246772bce18346a6e830f591ad972, type: 3}
--- !u!4 &1710552904545970319 stripped
Transform:
  m_CorrespondingSourceObject: {fileID: 5553289729550930812, guid: 5a3246772bce18346a6e830f591ad972, type: 3}
  m_PrefabInstance: {fileID: 6533638236010249203}
  m_PrefabAsset: {fileID: 0}
--- !u!1001 &8056148319241130516
PrefabInstance:
  m_ObjectHideFlags: 0
  serializedVersion: 2
  m_Modification:
    m_TransformParent: {fileID: 4284068729439870704}
    m_Modifications:
    - target: {fileID: 550726071505171907, guid: 5a3246772bce18346a6e830f591ad972, type: 3}
      propertyPath: m_Name
      value: Cube1 (6)
      objectReference: {fileID: 0}
    - target: {fileID: 5553289729550930812, guid: 5a3246772bce18346a6e830f591ad972, type: 3}
      propertyPath: m_LocalPosition.x
      value: 2.1718543
      objectReference: {fileID: 0}
    - target: {fileID: 5553289729550930812, guid: 5a3246772bce18346a6e830f591ad972, type: 3}
      propertyPath: m_LocalPosition.y
      value: 2
      objectReference: {fileID: 0}
    - target: {fileID: 5553289729550930812, guid: 5a3246772bce18346a6e830f591ad972, type: 3}
      propertyPath: m_LocalPosition.z
      value: 0.45583603
      objectReference: {fileID: 0}
    - target: {fileID: 5553289729550930812, guid: 5a3246772bce18346a6e830f591ad972, type: 3}
      propertyPath: m_LocalRotation.x
      value: 0
      objectReference: {fileID: 0}
    - target: {fileID: 5553289729550930812, guid: 5a3246772bce18346a6e830f591ad972, type: 3}
      propertyPath: m_LocalRotation.y
      value: 0
      objectReference: {fileID: 0}
    - target: {fileID: 5553289729550930812, guid: 5a3246772bce18346a6e830f591ad972, type: 3}
      propertyPath: m_LocalRotation.z
      value: 0
      objectReference: {fileID: 0}
    - target: {fileID: 5553289729550930812, guid: 5a3246772bce18346a6e830f591ad972, type: 3}
      propertyPath: m_LocalRotation.w
      value: 1
      objectReference: {fileID: 0}
    - target: {fileID: 5553289729550930812, guid: 5a3246772bce18346a6e830f591ad972, type: 3}
      propertyPath: m_RootOrder
      value: 8
      objectReference: {fileID: 0}
    - target: {fileID: 5553289729550930812, guid: 5a3246772bce18346a6e830f591ad972, type: 3}
      propertyPath: m_LocalEulerAnglesHint.x
      value: 0
      objectReference: {fileID: 0}
    - target: {fileID: 5553289729550930812, guid: 5a3246772bce18346a6e830f591ad972, type: 3}
      propertyPath: m_LocalEulerAnglesHint.y
      value: 0
      objectReference: {fileID: 0}
    - target: {fileID: 5553289729550930812, guid: 5a3246772bce18346a6e830f591ad972, type: 3}
      propertyPath: m_LocalEulerAnglesHint.z
      value: 0
      objectReference: {fileID: 0}
    m_RemovedComponents: []
  m_SourcePrefab: {fileID: 100100000, guid: 5a3246772bce18346a6e830f591ad972, type: 3}
--- !u!4 &2511899874896576872 stripped
Transform:
  m_CorrespondingSourceObject: {fileID: 5553289729550930812, guid: 5a3246772bce18346a6e830f591ad972, type: 3}
  m_PrefabInstance: {fileID: 8056148319241130516}
  m_PrefabAsset: {fileID: 0}
--- !u!1001 &8242228630893884750
PrefabInstance:
  m_ObjectHideFlags: 0
  serializedVersion: 2
  m_Modification:
    m_TransformParent: {fileID: 4284068729439870704}
    m_Modifications:
    - target: {fileID: 550726071505171907, guid: 5a3246772bce18346a6e830f591ad972, type: 3}
      propertyPath: m_Name
      value: Cube1 (15)
      objectReference: {fileID: 0}
    - target: {fileID: 5553289729550930812, guid: 5a3246772bce18346a6e830f591ad972, type: 3}
      propertyPath: m_LocalPosition.x
      value: -0.32814595
      objectReference: {fileID: 0}
    - target: {fileID: 5553289729550930812, guid: 5a3246772bce18346a6e830f591ad972, type: 3}
      propertyPath: m_LocalPosition.y
      value: 7
      objectReference: {fileID: 0}
    - target: {fileID: 5553289729550930812, guid: 5a3246772bce18346a6e830f591ad972, type: 3}
      propertyPath: m_LocalPosition.z
      value: 0.4558364
      objectReference: {fileID: 0}
    - target: {fileID: 5553289729550930812, guid: 5a3246772bce18346a6e830f591ad972, type: 3}
      propertyPath: m_LocalRotation.x
      value: 0
      objectReference: {fileID: 0}
    - target: {fileID: 5553289729550930812, guid: 5a3246772bce18346a6e830f591ad972, type: 3}
      propertyPath: m_LocalRotation.y
      value: 0
      objectReference: {fileID: 0}
    - target: {fileID: 5553289729550930812, guid: 5a3246772bce18346a6e830f591ad972, type: 3}
      propertyPath: m_LocalRotation.z
      value: 0
      objectReference: {fileID: 0}
    - target: {fileID: 5553289729550930812, guid: 5a3246772bce18346a6e830f591ad972, type: 3}
      propertyPath: m_LocalRotation.w
      value: 1
      objectReference: {fileID: 0}
    - target: {fileID: 5553289729550930812, guid: 5a3246772bce18346a6e830f591ad972, type: 3}
      propertyPath: m_RootOrder
      value: 17
      objectReference: {fileID: 0}
    - target: {fileID: 5553289729550930812, guid: 5a3246772bce18346a6e830f591ad972, type: 3}
      propertyPath: m_LocalEulerAnglesHint.x
      value: 0
      objectReference: {fileID: 0}
    - target: {fileID: 5553289729550930812, guid: 5a3246772bce18346a6e830f591ad972, type: 3}
      propertyPath: m_LocalEulerAnglesHint.y
      value: 0
      objectReference: {fileID: 0}
    - target: {fileID: 5553289729550930812, guid: 5a3246772bce18346a6e830f591ad972, type: 3}
      propertyPath: m_LocalEulerAnglesHint.z
      value: 0
      objectReference: {fileID: 0}
    m_RemovedComponents: []
  m_SourcePrefab: {fileID: 100100000, guid: 5a3246772bce18346a6e830f591ad972, type: 3}
--- !u!4 &4572130896044271154 stripped
Transform:
  m_CorrespondingSourceObject: {fileID: 5553289729550930812, guid: 5a3246772bce18346a6e830f591ad972, type: 3}
  m_PrefabInstance: {fileID: 8242228630893884750}
  m_PrefabAsset: {fileID: 0}
--- !u!1001 &8296432395893105365
PrefabInstance:
  m_ObjectHideFlags: 0
  serializedVersion: 2
  m_Modification:
    m_TransformParent: {fileID: 4284068729439870704}
    m_Modifications:
    - target: {fileID: 437836682211438755, guid: 1f5a8a146e9caec47b3d6d41bdec5003, type: 3}
      propertyPath: m_Name
      value: Platform
      objectReference: {fileID: 0}
    - target: {fileID: 6626881603785969526, guid: 1f5a8a146e9caec47b3d6d41bdec5003, type: 3}
      propertyPath: m_LocalPosition.x
      value: 0
      objectReference: {fileID: 0}
    - target: {fileID: 6626881603785969526, guid: 1f5a8a146e9caec47b3d6d41bdec5003, type: 3}
      propertyPath: m_LocalPosition.y
      value: -1
      objectReference: {fileID: 0}
    - target: {fileID: 6626881603785969526, guid: 1f5a8a146e9caec47b3d6d41bdec5003, type: 3}
      propertyPath: m_LocalPosition.z
      value: 0
      objectReference: {fileID: 0}
    - target: {fileID: 6626881603785969526, guid: 1f5a8a146e9caec47b3d6d41bdec5003, type: 3}
      propertyPath: m_LocalRotation.x
      value: -0
      objectReference: {fileID: 0}
    - target: {fileID: 6626881603785969526, guid: 1f5a8a146e9caec47b3d6d41bdec5003, type: 3}
      propertyPath: m_LocalRotation.y
      value: -0
      objectReference: {fileID: 0}
    - target: {fileID: 6626881603785969526, guid: 1f5a8a146e9caec47b3d6d41bdec5003, type: 3}
      propertyPath: m_LocalRotation.z
      value: -0
      objectReference: {fileID: 0}
    - target: {fileID: 6626881603785969526, guid: 1f5a8a146e9caec47b3d6d41bdec5003, type: 3}
      propertyPath: m_LocalRotation.w
      value: 1
      objectReference: {fileID: 0}
    - target: {fileID: 6626881603785969526, guid: 1f5a8a146e9caec47b3d6d41bdec5003, type: 3}
      propertyPath: m_RootOrder
      value: 0
      objectReference: {fileID: 0}
    - target: {fileID: 6626881603785969526, guid: 1f5a8a146e9caec47b3d6d41bdec5003, type: 3}
      propertyPath: m_LocalEulerAnglesHint.x
      value: 0
      objectReference: {fileID: 0}
    - target: {fileID: 6626881603785969526, guid: 1f5a8a146e9caec47b3d6d41bdec5003, type: 3}
      propertyPath: m_LocalEulerAnglesHint.y
      value: 0
      objectReference: {fileID: 0}
    - target: {fileID: 6626881603785969526, guid: 1f5a8a146e9caec47b3d6d41bdec5003, type: 3}
      propertyPath: m_LocalEulerAnglesHint.z
      value: 0
      objectReference: {fileID: 0}
    - target: {fileID: 6626881603785969526, guid: 1f5a8a146e9caec47b3d6d41bdec5003, type: 3}
      propertyPath: m_LocalScale.x
      value: 6
      objectReference: {fileID: 0}
    - target: {fileID: 6626881603785969526, guid: 1f5a8a146e9caec47b3d6d41bdec5003, type: 3}
      propertyPath: m_LocalScale.z
      value: 6
      objectReference: {fileID: 0}
    m_RemovedComponents: []
  m_SourcePrefab: {fileID: 100100000, guid: 1f5a8a146e9caec47b3d6d41bdec5003, type: 3}
--- !u!4 &2942452527909285283 stripped
Transform:
  m_CorrespondingSourceObject: {fileID: 6626881603785969526, guid: 1f5a8a146e9caec47b3d6d41bdec5003, type: 3}
  m_PrefabInstance: {fileID: 8296432395893105365}
  m_PrefabAsset: {fileID: 0}
