%YAML 1.1
%TAG !u! tag:unity3d.com,2011:
--- !u!1 &6907585776824372041
GameObject:
  m_ObjectHideFlags: 0
  m_CorrespondingSourceObject: {fileID: 0}
  m_PrefabInstance: {fileID: 0}
  m_PrefabAsset: {fileID: 0}
  serializedVersion: 6
  m_Component:
  - component: {fileID: 4284068729439870704}
  - component: {fileID: 7806759240429372771}
  m_Layer: 0
  m_Name: Level_2
  m_TagString: Untagged
  m_Icon: {fileID: 0}
  m_NavMeshLayer: 0
  m_StaticEditorFlags: 0
  m_IsActive: 1
--- !u!4 &4284068729439870704
Transform:
  m_ObjectHideFlags: 0
  m_CorrespondingSourceObject: {fileID: 0}
  m_PrefabInstance: {fileID: 0}
  m_PrefabAsset: {fileID: 0}
  m_GameObject: {fileID: 6907585776824372041}
  m_LocalRotation: {x: 0, y: 0, z: 0, w: 1}
  m_LocalPosition: {x: 0, y: 0, z: 0}
  m_LocalScale: {x: 1, y: 1, z: 1}
  m_Children:
  - {fileID: 2942452527909285283}
  - {fileID: 478771980967214610}
  - {fileID: 5201487609165850914}
  - {fileID: 8220058955877382498}
  - {fileID: 8070399724143037841}
  - {fileID: 2989331682132558997}
  - {fileID: 2661726471766849202}
  - {fileID: 8595445478977389465}
  - {fileID: 8510592097445882482}
  - {fileID: 4662573013745007181}
  m_Father: {fileID: 0}
  m_RootOrder: 0
  m_LocalEulerAnglesHint: {x: 0, y: 0, z: 0}
--- !u!114 &7806759240429372771
MonoBehaviour:
  m_ObjectHideFlags: 0
  m_CorrespondingSourceObject: {fileID: 0}
  m_PrefabInstance: {fileID: 0}
  m_PrefabAsset: {fileID: 0}
  m_GameObject: {fileID: 6907585776824372041}
  m_Enabled: 1
  m_EditorHideFlags: 0
  m_Script: {fileID: 11500000, guid: 6ae38a2f6d4216240a2dab378a1b7d96, type: 3}
  m_Name: 
  m_EditorClassIdentifier: 
--- !u!1001 &653003492283347904
PrefabInstance:
  m_ObjectHideFlags: 0
  serializedVersion: 2
  m_Modification:
    m_TransformParent: {fileID: 4284068729439870704}
    m_Modifications:
    - target: {fileID: 1129030916918119890, guid: c309f1390cb1e5b489bf476080e77ee3, type: 3}
      propertyPath: m_LocalPosition.x
      value: 0
      objectReference: {fileID: 0}
    - target: {fileID: 1129030916918119890, guid: c309f1390cb1e5b489bf476080e77ee3, type: 3}
      propertyPath: m_LocalPosition.y
      value: 0
      objectReference: {fileID: 0}
    - target: {fileID: 1129030916918119890, guid: c309f1390cb1e5b489bf476080e77ee3, type: 3}
      propertyPath: m_LocalPosition.z
      value: 0
      objectReference: {fileID: 0}
    - target: {fileID: 1129030916918119890, guid: c309f1390cb1e5b489bf476080e77ee3, type: 3}
      propertyPath: m_LocalRotation.x
      value: 0
      objectReference: {fileID: 0}
    - target: {fileID: 1129030916918119890, guid: c309f1390cb1e5b489bf476080e77ee3, type: 3}
      propertyPath: m_LocalRotation.y
      value: 0
      objectReference: {fileID: 0}
    - target: {fileID: 1129030916918119890, guid: c309f1390cb1e5b489bf476080e77ee3, type: 3}
      propertyPath: m_LocalRotation.z
      value: 0
      objectReference: {fileID: 0}
    - target: {fileID: 1129030916918119890, guid: c309f1390cb1e5b489bf476080e77ee3, type: 3}
      propertyPath: m_LocalRotation.w
      value: 1
      objectReference: {fileID: 0}
    - target: {fileID: 1129030916918119890, guid: c309f1390cb1e5b489bf476080e77ee3, type: 3}
      propertyPath: m_RootOrder
      value: 1
      objectReference: {fileID: 0}
    - target: {fileID: 1129030916918119890, guid: c309f1390cb1e5b489bf476080e77ee3, type: 3}
      propertyPath: m_LocalEulerAnglesHint.x
      value: 0
      objectReference: {fileID: 0}
    - target: {fileID: 1129030916918119890, guid: c309f1390cb1e5b489bf476080e77ee3, type: 3}
      propertyPath: m_LocalEulerAnglesHint.y
      value: 0
      objectReference: {fileID: 0}
    - target: {fileID: 1129030916918119890, guid: c309f1390cb1e5b489bf476080e77ee3, type: 3}
      propertyPath: m_LocalEulerAnglesHint.z
      value: 0
      objectReference: {fileID: 0}
    - target: {fileID: 4980614245252033389, guid: c309f1390cb1e5b489bf476080e77ee3, type: 3}
      propertyPath: m_Name
      value: Cube
      objectReference: {fileID: 0}
    m_RemovedComponents: []
  m_SourcePrefab: {fileID: 100100000, guid: c309f1390cb1e5b489bf476080e77ee3, type: 3}
--- !u!4 &478771980967214610 stripped
Transform:
  m_CorrespondingSourceObject: {fileID: 1129030916918119890, guid: c309f1390cb1e5b489bf476080e77ee3, type: 3}
  m_PrefabInstance: {fileID: 653003492283347904}
  m_PrefabAsset: {fileID: 0}
--- !u!1001 &708409633097650814
PrefabInstance:
  m_ObjectHideFlags: 0
  serializedVersion: 2
  m_Modification:
    m_TransformParent: {fileID: 4284068729439870704}
    m_Modifications:
    - target: {fileID: 1042748541187134379, guid: 8f8f80d023cf63243841afcb787d788f, type: 3}
      propertyPath: m_Name
      value: PostForLevel
      objectReference: {fileID: 0}
    - target: {fileID: 5287243267087788083, guid: 8f8f80d023cf63243841afcb787d788f, type: 3}
      propertyPath: m_LocalPosition.x
      value: 0
      objectReference: {fileID: 0}
    - target: {fileID: 5287243267087788083, guid: 8f8f80d023cf63243841afcb787d788f, type: 3}
      propertyPath: m_LocalPosition.y
      value: -11.5
      objectReference: {fileID: 0}
    - target: {fileID: 5287243267087788083, guid: 8f8f80d023cf63243841afcb787d788f, type: 3}
      propertyPath: m_LocalPosition.z
      value: 0
      objectReference: {fileID: 0}
    - target: {fileID: 5287243267087788083, guid: 8f8f80d023cf63243841afcb787d788f, type: 3}
      propertyPath: m_LocalRotation.x
      value: 0
      objectReference: {fileID: 0}
    - target: {fileID: 5287243267087788083, guid: 8f8f80d023cf63243841afcb787d788f, type: 3}
      propertyPath: m_LocalRotation.y
      value: 0.38268343
      objectReference: {fileID: 0}
    - target: {fileID: 5287243267087788083, guid: 8f8f80d023cf63243841afcb787d788f, type: 3}
      propertyPath: m_LocalRotation.z
      value: 0
      objectReference: {fileID: 0}
    - target: {fileID: 5287243267087788083, guid: 8f8f80d023cf63243841afcb787d788f, type: 3}
      propertyPath: m_LocalRotation.w
      value: 0.92387956
      objectReference: {fileID: 0}
    - target: {fileID: 5287243267087788083, guid: 8f8f80d023cf63243841afcb787d788f, type: 3}
      propertyPath: m_RootOrder
      value: 9
      objectReference: {fileID: 0}
    - target: {fileID: 5287243267087788083, guid: 8f8f80d023cf63243841afcb787d788f, type: 3}
      propertyPath: m_LocalEulerAnglesHint.x
      value: 0
      objectReference: {fileID: 0}
    - target: {fileID: 5287243267087788083, guid: 8f8f80d023cf63243841afcb787d788f, type: 3}
      propertyPath: m_LocalEulerAnglesHint.y
      value: 45
      objectReference: {fileID: 0}
    - target: {fileID: 5287243267087788083, guid: 8f8f80d023cf63243841afcb787d788f, type: 3}
      propertyPath: m_LocalEulerAnglesHint.z
      value: 0
      objectReference: {fileID: 0}
    m_RemovedComponents: []
  m_SourcePrefab: {fileID: 100100000, guid: 8f8f80d023cf63243841afcb787d788f, type: 3}
--- !u!4 &4662573013745007181 stripped
Transform:
  m_CorrespondingSourceObject: {fileID: 5287243267087788083, guid: 8f8f80d023cf63243841afcb787d788f, type: 3}
  m_PrefabInstance: {fileID: 708409633097650814}
  m_PrefabAsset: {fileID: 0}
--- !u!1001 &2798744110608124231
PrefabInstance:
  m_ObjectHideFlags: 0
  serializedVersion: 2
  m_Modification:
    m_TransformParent: {fileID: 4284068729439870704}
    m_Modifications:
    - target: {fileID: 1129030916918119890, guid: c309f1390cb1e5b489bf476080e77ee3, type: 3}
      propertyPath: m_LocalPosition.x
      value: 0
      objectReference: {fileID: 0}
    - target: {fileID: 1129030916918119890, guid: c309f1390cb1e5b489bf476080e77ee3, type: 3}
      propertyPath: m_LocalPosition.y
      value: 0
      objectReference: {fileID: 0}
    - target: {fileID: 1129030916918119890, guid: c309f1390cb1e5b489bf476080e77ee3, type: 3}
      propertyPath: m_LocalPosition.z
      value: 1
      objectReference: {fileID: 0}
    - target: {fileID: 1129030916918119890, guid: c309f1390cb1e5b489bf476080e77ee3, type: 3}
      propertyPath: m_LocalRotation.x
      value: 0
      objectReference: {fileID: 0}
    - target: {fileID: 1129030916918119890, guid: c309f1390cb1e5b489bf476080e77ee3, type: 3}
      propertyPath: m_LocalRotation.y
      value: 0
      objectReference: {fileID: 0}
    - target: {fileID: 1129030916918119890, guid: c309f1390cb1e5b489bf476080e77ee3, type: 3}
      propertyPath: m_LocalRotation.z
      value: 0
      objectReference: {fileID: 0}
    - target: {fileID: 1129030916918119890, guid: c309f1390cb1e5b489bf476080e77ee3, type: 3}
      propertyPath: m_LocalRotation.w
      value: 1
      objectReference: {fileID: 0}
    - target: {fileID: 1129030916918119890, guid: c309f1390cb1e5b489bf476080e77ee3, type: 3}
      propertyPath: m_RootOrder
      value: 5
      objectReference: {fileID: 0}
    - target: {fileID: 1129030916918119890, guid: c309f1390cb1e5b489bf476080e77ee3, type: 3}
      propertyPath: m_LocalEulerAnglesHint.x
      value: 0
      objectReference: {fileID: 0}
    - target: {fileID: 1129030916918119890, guid: c309f1390cb1e5b489bf476080e77ee3, type: 3}
      propertyPath: m_LocalEulerAnglesHint.y
      value: 0
      objectReference: {fileID: 0}
    - target: {fileID: 1129030916918119890, guid: c309f1390cb1e5b489bf476080e77ee3, type: 3}
      propertyPath: m_LocalEulerAnglesHint.z
      value: 0
      objectReference: {fileID: 0}
    - target: {fileID: 4980614245252033389, guid: c309f1390cb1e5b489bf476080e77ee3, type: 3}
      propertyPath: m_Name
      value: Cube (4)
      objectReference: {fileID: 0}
    m_RemovedComponents: []
  m_SourcePrefab: {fileID: 100100000, guid: c309f1390cb1e5b489bf476080e77ee3, type: 3}
--- !u!4 &2989331682132558997 stripped
Transform:
  m_CorrespondingSourceObject: {fileID: 1129030916918119890, guid: c309f1390cb1e5b489bf476080e77ee3, type: 3}
  m_PrefabInstance: {fileID: 2798744110608124231}
  m_PrefabAsset: {fileID: 0}
--- !u!1001 &3124167443249642336
PrefabInstance:
  m_ObjectHideFlags: 0
  serializedVersion: 2
  m_Modification:
    m_TransformParent: {fileID: 4284068729439870704}
    m_Modifications:
    - target: {fileID: 1129030916918119890, guid: c309f1390cb1e5b489bf476080e77ee3, type: 3}
      propertyPath: m_LocalPosition.x
      value: -1.25
      objectReference: {fileID: 0}
    - target: {fileID: 1129030916918119890, guid: c309f1390cb1e5b489bf476080e77ee3, type: 3}
      propertyPath: m_LocalPosition.y
      value: 1
      objectReference: {fileID: 0}
    - target: {fileID: 1129030916918119890, guid: c309f1390cb1e5b489bf476080e77ee3, type: 3}
      propertyPath: m_LocalPosition.z
      value: 0.5
      objectReference: {fileID: 0}
    - target: {fileID: 1129030916918119890, guid: c309f1390cb1e5b489bf476080e77ee3, type: 3}
      propertyPath: m_LocalRotation.x
      value: 0
      objectReference: {fileID: 0}
    - target: {fileID: 1129030916918119890, guid: c309f1390cb1e5b489bf476080e77ee3, type: 3}
      propertyPath: m_LocalRotation.y
      value: 0
      objectReference: {fileID: 0}
    - target: {fileID: 1129030916918119890, guid: c309f1390cb1e5b489bf476080e77ee3, type: 3}
      propertyPath: m_LocalRotation.z
      value: 0
      objectReference: {fileID: 0}
    - target: {fileID: 1129030916918119890, guid: c309f1390cb1e5b489bf476080e77ee3, type: 3}
      propertyPath: m_LocalRotation.w
      value: 1
      objectReference: {fileID: 0}
    - target: {fileID: 1129030916918119890, guid: c309f1390cb1e5b489bf476080e77ee3, type: 3}
      propertyPath: m_RootOrder
      value: 6
      objectReference: {fileID: 0}
    - target: {fileID: 1129030916918119890, guid: c309f1390cb1e5b489bf476080e77ee3, type: 3}
      propertyPath: m_LocalEulerAnglesHint.x
      value: 0
      objectReference: {fileID: 0}
    - target: {fileID: 1129030916918119890, guid: c309f1390cb1e5b489bf476080e77ee3, type: 3}
      propertyPath: m_LocalEulerAnglesHint.y
      value: 0
      objectReference: {fileID: 0}
    - target: {fileID: 1129030916918119890, guid: c309f1390cb1e5b489bf476080e77ee3, type: 3}
      propertyPath: m_LocalEulerAnglesHint.z
      value: 0
      objectReference: {fileID: 0}
    - target: {fileID: 4980614245252033389, guid: c309f1390cb1e5b489bf476080e77ee3, type: 3}
      propertyPath: m_Name
      value: Cube (5)
      objectReference: {fileID: 0}
    m_RemovedComponents: []
  m_SourcePrefab: {fileID: 100100000, guid: c309f1390cb1e5b489bf476080e77ee3, type: 3}
--- !u!4 &2661726471766849202 stripped
Transform:
  m_CorrespondingSourceObject: {fileID: 1129030916918119890, guid: c309f1390cb1e5b489bf476080e77ee3, type: 3}
  m_PrefabInstance: {fileID: 3124167443249642336}
  m_PrefabAsset: {fileID: 0}
--- !u!1001 &5153378876935349488
PrefabInstance:
  m_ObjectHideFlags: 0
  serializedVersion: 2
  m_Modification:
    m_TransformParent: {fileID: 4284068729439870704}
    m_Modifications:
    - target: {fileID: 1129030916918119890, guid: c309f1390cb1e5b489bf476080e77ee3, type: 3}
      propertyPath: m_LocalPosition.x
      value: 0
      objectReference: {fileID: 0}
    - target: {fileID: 1129030916918119890, guid: c309f1390cb1e5b489bf476080e77ee3, type: 3}
      propertyPath: m_LocalPosition.y
      value: 1
      objectReference: {fileID: 0}
    - target: {fileID: 1129030916918119890, guid: c309f1390cb1e5b489bf476080e77ee3, type: 3}
      propertyPath: m_LocalPosition.z
      value: 0.5
      objectReference: {fileID: 0}
    - target: {fileID: 1129030916918119890, guid: c309f1390cb1e5b489bf476080e77ee3, type: 3}
      propertyPath: m_LocalRotation.x
      value: 0
      objectReference: {fileID: 0}
    - target: {fileID: 1129030916918119890, guid: c309f1390cb1e5b489bf476080e77ee3, type: 3}
      propertyPath: m_LocalRotation.y
      value: 0
      objectReference: {fileID: 0}
    - target: {fileID: 1129030916918119890, guid: c309f1390cb1e5b489bf476080e77ee3, type: 3}
      propertyPath: m_LocalRotation.z
      value: 0
      objectReference: {fileID: 0}
    - target: {fileID: 1129030916918119890, guid: c309f1390cb1e5b489bf476080e77ee3, type: 3}
      propertyPath: m_LocalRotation.w
      value: 1
      objectReference: {fileID: 0}
    - target: {fileID: 1129030916918119890, guid: c309f1390cb1e5b489bf476080e77ee3, type: 3}
      propertyPath: m_RootOrder
      value: 2
      objectReference: {fileID: 0}
    - target: {fileID: 1129030916918119890, guid: c309f1390cb1e5b489bf476080e77ee3, type: 3}
      propertyPath: m_LocalEulerAnglesHint.x
      value: 0
      objectReference: {fileID: 0}
    - target: {fileID: 1129030916918119890, guid: c309f1390cb1e5b489bf476080e77ee3, type: 3}
      propertyPath: m_LocalEulerAnglesHint.y
      value: 0
      objectReference: {fileID: 0}
    - target: {fileID: 1129030916918119890, guid: c309f1390cb1e5b489bf476080e77ee3, type: 3}
      propertyPath: m_LocalEulerAnglesHint.z
      value: 0
      objectReference: {fileID: 0}
    - target: {fileID: 4980614245252033389, guid: c309f1390cb1e5b489bf476080e77ee3, type: 3}
      propertyPath: m_Name
      value: Cube (1)
      objectReference: {fileID: 0}
    m_RemovedComponents: []
  m_SourcePrefab: {fileID: 100100000, guid: c309f1390cb1e5b489bf476080e77ee3, type: 3}
--- !u!4 &5201487609165850914 stripped
Transform:
  m_CorrespondingSourceObject: {fileID: 1129030916918119890, guid: c309f1390cb1e5b489bf476080e77ee3, type: 3}
  m_PrefabInstance: {fileID: 5153378876935349488}
  m_PrefabAsset: {fileID: 0}
--- !u!1001 &6941399877253480515
PrefabInstance:
  m_ObjectHideFlags: 0
  serializedVersion: 2
  m_Modification:
    m_TransformParent: {fileID: 4284068729439870704}
    m_Modifications:
    - target: {fileID: 1129030916918119890, guid: c309f1390cb1e5b489bf476080e77ee3, type: 3}
      propertyPath: m_LocalPosition.x
      value: -1
      objectReference: {fileID: 0}
    - target: {fileID: 1129030916918119890, guid: c309f1390cb1e5b489bf476080e77ee3, type: 3}
      propertyPath: m_LocalPosition.y
      value: 0
      objectReference: {fileID: 0}
    - target: {fileID: 1129030916918119890, guid: c309f1390cb1e5b489bf476080e77ee3, type: 3}
      propertyPath: m_LocalPosition.z
      value: 0.5
      objectReference: {fileID: 0}
    - target: {fileID: 1129030916918119890, guid: c309f1390cb1e5b489bf476080e77ee3, type: 3}
      propertyPath: m_LocalRotation.x
      value: 0
      objectReference: {fileID: 0}
    - target: {fileID: 1129030916918119890, guid: c309f1390cb1e5b489bf476080e77ee3, type: 3}
      propertyPath: m_LocalRotation.y
      value: 0
      objectReference: {fileID: 0}
    - target: {fileID: 1129030916918119890, guid: c309f1390cb1e5b489bf476080e77ee3, type: 3}
      propertyPath: m_LocalRotation.z
      value: 0
      objectReference: {fileID: 0}
    - target: {fileID: 1129030916918119890, guid: c309f1390cb1e5b489bf476080e77ee3, type: 3}
      propertyPath: m_LocalRotation.w
      value: 1
      objectReference: {fileID: 0}
    - target: {fileID: 1129030916918119890, guid: c309f1390cb1e5b489bf476080e77ee3, type: 3}
      propertyPath: m_RootOrder
      value: 4
      objectReference: {fileID: 0}
    - target: {fileID: 1129030916918119890, guid: c309f1390cb1e5b489bf476080e77ee3, type: 3}
      propertyPath: m_LocalEulerAnglesHint.x
      value: 0
      objectReference: {fileID: 0}
    - target: {fileID: 1129030916918119890, guid: c309f1390cb1e5b489bf476080e77ee3, type: 3}
      propertyPath: m_LocalEulerAnglesHint.y
      value: 0
      objectReference: {fileID: 0}
    - target: {fileID: 1129030916918119890, guid: c309f1390cb1e5b489bf476080e77ee3, type: 3}
      propertyPath: m_LocalEulerAnglesHint.z
      value: 0
      objectReference: {fileID: 0}
    - target: {fileID: 4980614245252033389, guid: c309f1390cb1e5b489bf476080e77ee3, type: 3}
      propertyPath: m_Name
      value: Cube (3)
      objectReference: {fileID: 0}
    m_RemovedComponents: []
  m_SourcePrefab: {fileID: 100100000, guid: c309f1390cb1e5b489bf476080e77ee3, type: 3}
--- !u!4 &8070399724143037841 stripped
Transform:
  m_CorrespondingSourceObject: {fileID: 1129030916918119890, guid: c309f1390cb1e5b489bf476080e77ee3, type: 3}
  m_PrefabInstance: {fileID: 6941399877253480515}
  m_PrefabAsset: {fileID: 0}
--- !u!1001 &8296432395893105365
PrefabInstance:
  m_ObjectHideFlags: 0
  serializedVersion: 2
  m_Modification:
    m_TransformParent: {fileID: 4284068729439870704}
    m_Modifications:
    - target: {fileID: 437836682211438755, guid: 1f5a8a146e9caec47b3d6d41bdec5003, type: 3}
      propertyPath: m_Name
      value: Platform
      objectReference: {fileID: 0}
    - target: {fileID: 6626881603785969526, guid: 1f5a8a146e9caec47b3d6d41bdec5003, type: 3}
      propertyPath: m_LocalPosition.x
      value: 0
      objectReference: {fileID: 0}
    - target: {fileID: 6626881603785969526, guid: 1f5a8a146e9caec47b3d6d41bdec5003, type: 3}
      propertyPath: m_LocalPosition.y
      value: -1
      objectReference: {fileID: 0}
    - target: {fileID: 6626881603785969526, guid: 1f5a8a146e9caec47b3d6d41bdec5003, type: 3}
      propertyPath: m_LocalPosition.z
      value: 0
      objectReference: {fileID: 0}
    - target: {fileID: 6626881603785969526, guid: 1f5a8a146e9caec47b3d6d41bdec5003, type: 3}
      propertyPath: m_LocalRotation.x
      value: -0
      objectReference: {fileID: 0}
    - target: {fileID: 6626881603785969526, guid: 1f5a8a146e9caec47b3d6d41bdec5003, type: 3}
      propertyPath: m_LocalRotation.y
      value: -0
      objectReference: {fileID: 0}
    - target: {fileID: 6626881603785969526, guid: 1f5a8a146e9caec47b3d6d41bdec5003, type: 3}
      propertyPath: m_LocalRotation.z
      value: -0
      objectReference: {fileID: 0}
    - target: {fileID: 6626881603785969526, guid: 1f5a8a146e9caec47b3d6d41bdec5003, type: 3}
      propertyPath: m_LocalRotation.w
      value: 1
      objectReference: {fileID: 0}
    - target: {fileID: 6626881603785969526, guid: 1f5a8a146e9caec47b3d6d41bdec5003, type: 3}
      propertyPath: m_RootOrder
      value: 0
      objectReference: {fileID: 0}
    - target: {fileID: 6626881603785969526, guid: 1f5a8a146e9caec47b3d6d41bdec5003, type: 3}
      propertyPath: m_LocalEulerAnglesHint.x
      value: 0
      objectReference: {fileID: 0}
    - target: {fileID: 6626881603785969526, guid: 1f5a8a146e9caec47b3d6d41bdec5003, type: 3}
      propertyPath: m_LocalEulerAnglesHint.y
      value: 0
      objectReference: {fileID: 0}
    - target: {fileID: 6626881603785969526, guid: 1f5a8a146e9caec47b3d6d41bdec5003, type: 3}
      propertyPath: m_LocalEulerAnglesHint.z
      value: 0
      objectReference: {fileID: 0}
    m_RemovedComponents: []
  m_SourcePrefab: {fileID: 100100000, guid: 1f5a8a146e9caec47b3d6d41bdec5003, type: 3}
--- !u!4 &2942452527909285283 stripped
Transform:
  m_CorrespondingSourceObject: {fileID: 6626881603785969526, guid: 1f5a8a146e9caec47b3d6d41bdec5003, type: 3}
  m_PrefabInstance: {fileID: 8296432395893105365}
  m_PrefabAsset: {fileID: 0}
--- !u!1001 &8710585911156002379
PrefabInstance:
  m_ObjectHideFlags: 0
  serializedVersion: 2
  m_Modification:
    m_TransformParent: {fileID: 4284068729439870704}
    m_Modifications:
    - target: {fileID: 1129030916918119890, guid: c309f1390cb1e5b489bf476080e77ee3, type: 3}
      propertyPath: m_LocalPosition.x
      value: 1
      objectReference: {fileID: 0}
    - target: {fileID: 1129030916918119890, guid: c309f1390cb1e5b489bf476080e77ee3, type: 3}
      propertyPath: m_LocalPosition.y
      value: 0
      objectReference: {fileID: 0}
    - target: {fileID: 1129030916918119890, guid: c309f1390cb1e5b489bf476080e77ee3, type: 3}
      propertyPath: m_LocalPosition.z
      value: 0.5
      objectReference: {fileID: 0}
    - target: {fileID: 1129030916918119890, guid: c309f1390cb1e5b489bf476080e77ee3, type: 3}
      propertyPath: m_LocalRotation.x
      value: 0
      objectReference: {fileID: 0}
    - target: {fileID: 1129030916918119890, guid: c309f1390cb1e5b489bf476080e77ee3, type: 3}
      propertyPath: m_LocalRotation.y
      value: 0
      objectReference: {fileID: 0}
    - target: {fileID: 1129030916918119890, guid: c309f1390cb1e5b489bf476080e77ee3, type: 3}
      propertyPath: m_LocalRotation.z
      value: 0
      objectReference: {fileID: 0}
    - target: {fileID: 1129030916918119890, guid: c309f1390cb1e5b489bf476080e77ee3, type: 3}
      propertyPath: m_LocalRotation.w
      value: 1
      objectReference: {fileID: 0}
    - target: {fileID: 1129030916918119890, guid: c309f1390cb1e5b489bf476080e77ee3, type: 3}
      propertyPath: m_RootOrder
      value: 7
      objectReference: {fileID: 0}
    - target: {fileID: 1129030916918119890, guid: c309f1390cb1e5b489bf476080e77ee3, type: 3}
      propertyPath: m_LocalEulerAnglesHint.x
      value: 0
      objectReference: {fileID: 0}
    - target: {fileID: 1129030916918119890, guid: c309f1390cb1e5b489bf476080e77ee3, type: 3}
      propertyPath: m_LocalEulerAnglesHint.y
      value: 0
      objectReference: {fileID: 0}
    - target: {fileID: 1129030916918119890, guid: c309f1390cb1e5b489bf476080e77ee3, type: 3}
      propertyPath: m_LocalEulerAnglesHint.z
      value: 0
      objectReference: {fileID: 0}
    - target: {fileID: 4980614245252033389, guid: c309f1390cb1e5b489bf476080e77ee3, type: 3}
      propertyPath: m_Name
      value: Cube (6)
      objectReference: {fileID: 0}
    m_RemovedComponents: []
  m_SourcePrefab: {fileID: 100100000, guid: c309f1390cb1e5b489bf476080e77ee3, type: 3}
--- !u!4 &8595445478977389465 stripped
Transform:
  m_CorrespondingSourceObject: {fileID: 1129030916918119890, guid: c309f1390cb1e5b489bf476080e77ee3, type: 3}
  m_PrefabInstance: {fileID: 8710585911156002379}
  m_PrefabAsset: {fileID: 0}
--- !u!1001 &8768699553220437920
PrefabInstance:
  m_ObjectHideFlags: 0
  serializedVersion: 2
  m_Modification:
    m_TransformParent: {fileID: 4284068729439870704}
    m_Modifications:
    - target: {fileID: 1129030916918119890, guid: c309f1390cb1e5b489bf476080e77ee3, type: 3}
      propertyPath: m_LocalPosition.x
      value: 1.25
      objectReference: {fileID: 0}
    - target: {fileID: 1129030916918119890, guid: c309f1390cb1e5b489bf476080e77ee3, type: 3}
      propertyPath: m_LocalPosition.y
      value: 1
      objectReference: {fileID: 0}
    - target: {fileID: 1129030916918119890, guid: c309f1390cb1e5b489bf476080e77ee3, type: 3}
      propertyPath: m_LocalPosition.z
      value: 0.5
      objectReference: {fileID: 0}
    - target: {fileID: 1129030916918119890, guid: c309f1390cb1e5b489bf476080e77ee3, type: 3}
      propertyPath: m_LocalRotation.x
      value: 0
      objectReference: {fileID: 0}
    - target: {fileID: 1129030916918119890, guid: c309f1390cb1e5b489bf476080e77ee3, type: 3}
      propertyPath: m_LocalRotation.y
      value: 0
      objectReference: {fileID: 0}
    - target: {fileID: 1129030916918119890, guid: c309f1390cb1e5b489bf476080e77ee3, type: 3}
      propertyPath: m_LocalRotation.z
      value: 0
      objectReference: {fileID: 0}
    - target: {fileID: 1129030916918119890, guid: c309f1390cb1e5b489bf476080e77ee3, type: 3}
      propertyPath: m_LocalRotation.w
      value: 1
      objectReference: {fileID: 0}
    - target: {fileID: 1129030916918119890, guid: c309f1390cb1e5b489bf476080e77ee3, type: 3}
      propertyPath: m_RootOrder
      value: 8
      objectReference: {fileID: 0}
    - target: {fileID: 1129030916918119890, guid: c309f1390cb1e5b489bf476080e77ee3, type: 3}
      propertyPath: m_LocalEulerAnglesHint.x
      value: 0
      objectReference: {fileID: 0}
    - target: {fileID: 1129030916918119890, guid: c309f1390cb1e5b489bf476080e77ee3, type: 3}
      propertyPath: m_LocalEulerAnglesHint.y
      value: 0
      objectReference: {fileID: 0}
    - target: {fileID: 1129030916918119890, guid: c309f1390cb1e5b489bf476080e77ee3, type: 3}
      propertyPath: m_LocalEulerAnglesHint.z
      value: 0
      objectReference: {fileID: 0}
    - target: {fileID: 4980614245252033389, guid: c309f1390cb1e5b489bf476080e77ee3, type: 3}
      propertyPath: m_Name
      value: Cube (7)
      objectReference: {fileID: 0}
    m_RemovedComponents: []
  m_SourcePrefab: {fileID: 100100000, guid: c309f1390cb1e5b489bf476080e77ee3, type: 3}
--- !u!4 &8510592097445882482 stripped
Transform:
  m_CorrespondingSourceObject: {fileID: 1129030916918119890, guid: c309f1390cb1e5b489bf476080e77ee3, type: 3}
  m_PrefabInstance: {fileID: 8768699553220437920}
  m_PrefabAsset: {fileID: 0}
--- !u!1001 &9059161841518802096
PrefabInstance:
  m_ObjectHideFlags: 0
  serializedVersion: 2
  m_Modification:
    m_TransformParent: {fileID: 4284068729439870704}
    m_Modifications:
    - target: {fileID: 1129030916918119890, guid: c309f1390cb1e5b489bf476080e77ee3, type: 3}
      propertyPath: m_LocalPosition.x
      value: 0
      objectReference: {fileID: 0}
    - target: {fileID: 1129030916918119890, guid: c309f1390cb1e5b489bf476080e77ee3, type: 3}
      propertyPath: m_LocalPosition.y
      value: 2
      objectReference: {fileID: 0}
    - target: {fileID: 1129030916918119890, guid: c309f1390cb1e5b489bf476080e77ee3, type: 3}
      propertyPath: m_LocalPosition.z
      value: 0.5
      objectReference: {fileID: 0}
    - target: {fileID: 1129030916918119890, guid: c309f1390cb1e5b489bf476080e77ee3, type: 3}
      propertyPath: m_LocalRotation.x
      value: 0
      objectReference: {fileID: 0}
    - target: {fileID: 1129030916918119890, guid: c309f1390cb1e5b489bf476080e77ee3, type: 3}
      propertyPath: m_LocalRotation.y
      value: 0
      objectReference: {fileID: 0}
    - target: {fileID: 1129030916918119890, guid: c309f1390cb1e5b489bf476080e77ee3, type: 3}
      propertyPath: m_LocalRotation.z
      value: 0
      objectReference: {fileID: 0}
    - target: {fileID: 1129030916918119890, guid: c309f1390cb1e5b489bf476080e77ee3, type: 3}
      propertyPath: m_LocalRotation.w
      value: 1
      objectReference: {fileID: 0}
    - target: {fileID: 1129030916918119890, guid: c309f1390cb1e5b489bf476080e77ee3, type: 3}
      propertyPath: m_RootOrder
      value: 3
      objectReference: {fileID: 0}
    - target: {fileID: 1129030916918119890, guid: c309f1390cb1e5b489bf476080e77ee3, type: 3}
      propertyPath: m_LocalEulerAnglesHint.x
      value: 0
      objectReference: {fileID: 0}
    - target: {fileID: 1129030916918119890, guid: c309f1390cb1e5b489bf476080e77ee3, type: 3}
      propertyPath: m_LocalEulerAnglesHint.y
      value: 0
      objectReference: {fileID: 0}
    - target: {fileID: 1129030916918119890, guid: c309f1390cb1e5b489bf476080e77ee3, type: 3}
      propertyPath: m_LocalEulerAnglesHint.z
      value: 0
      objectReference: {fileID: 0}
    - target: {fileID: 4980614245252033389, guid: c309f1390cb1e5b489bf476080e77ee3, type: 3}
      propertyPath: m_Name
      value: Cube (2)
      objectReference: {fileID: 0}
    m_RemovedComponents: []
  m_SourcePrefab: {fileID: 100100000, guid: c309f1390cb1e5b489bf476080e77ee3, type: 3}
--- !u!4 &8220058955877382498 stripped
Transform:
  m_CorrespondingSourceObject: {fileID: 1129030916918119890, guid: c309f1390cb1e5b489bf476080e77ee3, type: 3}
  m_PrefabInstance: {fileID: 9059161841518802096}
  m_PrefabAsset: {fileID: 0}
